<record><leader>00000cas a22000007a 4500</leader><controlfield tag="001">10361895</controlfield><controlfield tag="008">840201d1983198uwiuwr ne      0   a0eng d</controlfield><datafield ind1=" " ind2=" " tag="010"><subfield code="a">sn 84009583 </subfield></datafield><datafield ind1=" " ind2=" " tag="040"><subfield code="a">NSD</subfield><subfield code="b">eng</subfield><subfield code="c">NSD</subfield><subfield code="d">NPV</subfield><subfield code="d">OCLCQ</subfield></datafield><datafield ind1=" " ind2=" " tag="012"><subfield code="m">1</subfield></datafield><datafield ind1="1" ind2=" " tag="022"><subfield code="a">0746-875X</subfield><subfield code="l">0746-875X</subfield><subfield code="2">1</subfield></datafield><datafield ind1=" " ind2=" " tag="032"><subfield code="a">711130</subfield><subfield code="b">USPS</subfield></datafield><datafield ind1=" " ind2=" " tag="037"><subfield code="b">County Line Connection, P.O. Box 7, Ontario, WI 54651</subfield></datafield><datafield ind1=" " ind2=" " tag="042"><subfield code="a">nsdp</subfield></datafield><datafield ind1=" " ind2=" " tag="045"><subfield code="a">x8x8</subfield></datafield><datafield ind1=" " ind2=" " tag="052"><subfield code="a">4123</subfield><subfield code="b">V4</subfield><subfield code="b">M7</subfield></datafield><datafield ind1=" " ind2="0" tag="222"><subfield code="a">Brockwood-Norwalk-Ontario county line connection</subfield></datafield><datafield ind1="0" ind2="0" tag="245"><subfield code="a">Brockwood-Norwalk-Ontario county line connection.</subfield></datafield><datafield ind1="3" ind2="0" tag="246"><subfield code="a">Brookwood, Norwalk, Ontario county line connection</subfield></datafield><datafield ind1="1" ind2="7" tag="246"><subfield code="a">County line connection</subfield></datafield><datafield ind1=" " ind2=" " tag="260"><subfield code="a">Ontario, Wis. :</subfield><subfield code="b">[s.n.],</subfield><subfield code="c">1983-</subfield></datafield><datafield ind1=" " ind2=" " tag="300"><subfield code="a">v :</subfield><subfield code="b">ill.</subfield></datafield><datafield ind1=" " ind2=" " tag="310"><subfield code="a">Weekly</subfield></datafield><datafield ind1="0" ind2=" " tag="362"><subfield code="a">Vol. 1, no. 1 (Nov. 17, 1983)-</subfield></datafield><datafield ind1="1" ind2=" " tag="362"><subfield code="a">Ceased in 1984 or 1985?</subfield></datafield><datafield ind1=" " ind2=" " tag="500"><subfield code="a">Editor: K. Parker, Nov. 17, 1983-&lt;Dec. 1, 1983&gt;.</subfield></datafield><datafield ind1=" " ind2=" " tag="752"><subfield code="a">United States</subfield><subfield code="b">Wisconsin</subfield><subfield code="c">Vernon</subfield><subfield code="d">Ontario.</subfield></datafield><datafield ind1=" " ind2=" " tag="752"><subfield code="a">United States</subfield><subfield code="b">Wisconsin</subfield><subfield code="c">Monroe</subfield><subfield code="d">Norwalk.</subfield></datafield><datafield ind1=" " ind2=" " tag="936"><subfield code="a">Jan. 26, 1984</subfield></datafield><datafield ind1="1" ind2=" " tag="029"><subfield code="a">AU@</subfield><subfield code="b">000025835607</subfield></datafield></record>